


@article{Wei2009,
	title={State of the art in example-based texture synthesis},
	author={Wei, Li-Yi and Lefebvre, Sylvain and Kwatra, Vivek and Turk, Greg},
	journal={Eurographics 2009, State of the Art Report, EG-STAR},
	pages={93--117},
	year={2009},
	publisher={Eurographics Association}
}

@article{Raad2018,
	title={A survey of exemplar-based texture synthesis},
	author={Raad, Lara and Davy, Axel and Desolneux, Agn{\`e}s and Morel, Jean-Michel},
	journal={Annals of Mathematical Sciences and Applications},
	volume={3},
	number={1},
	pages={89--148},
	year={2018},
	publisher={International Press of Boston}
}

@inproceedings{Heeger1995,
	title={Pyramid-based texture analysis/synthesis},
	author={Heeger, David J and Bergen, James R},
	booktitle={Proceedings of the 22nd annual conference on Computer graphics and interactive techniques},
	pages={229--238},
	year={1995}
}

@inproceedings{Bonet1997,
	title={Multiresolution sampling procedure for analysis and synthesis of texture images},
	author={De Bonet, Jeremy S},
	booktitle={Proceedings of the 24th annual conference on Computer graphics and interactive techniques},
	pages={361--368},
	year={1997}
}

@article{Zhu1998,
	title={Filters, random fields and maximum entropy (FRAME): Towards a unified theory for texture modeling},
	author={Zhu, Song Chun and Wu, Yingnian and Mumford, David},
	journal={International Journal of Computer Vision},
	volume={27},
	number={2},
	pages={107--126},
	year={1998},
	publisher={Springer}
}

@book{Portilla1999,
	title={Texture representation and synthesis using correlation of complex wavelet coefficient magnitudes},
	author={Portilla, Javier and Simoncelli, Eero P},
	year={1999},
	publisher={Citeseer}
}


@inproceedings{Efros1999,
	title={Texture synthesis by non-parametric sampling},
	author={Efros, Alexei A and Leung, Thomas K},
	booktitle={Proceedings of the seventh IEEE international conference on computer vision},
	volume={2},
	pages={1033--1038},
	year={1999},
	organization={IEEE}
}

@inproceedings{Efros2001,
	title={Image quilting for texture synthesis and transfer},
	author={Efros, Alexei A and Freeman, William T},
	booktitle={Proceedings of the 28th annual conference on Computer graphics and interactive techniques},
	pages={341--346},
	year={2001}
}


@inproceedings{Hertzmann2001,
	title={Image analogies},
	author={Hertzmann, Aaron and Jacobs, Charles E and Oliver, Nuria and Curless, Brian and Salesin, David H},
	booktitle={Proceedings of the 28th annual conference on Computer graphics and interactive techniques},
	pages={327--340},
	year={2001}
}

@incollection{Kwatra2005,
	title={Texture optimization for example-based synthesis},
	author={Kwatra, Vivek and Essa, Irfan and Bobick, Aaron and Kwatra, Nipun},
	booktitle={ACM SIGGRAPH 2005 Papers},
	pages={795--802},
	year={2005}
}


@article{Gatys2015,
	title={Texture synthesis using convolutional neural networks},
	author={Gatys, Leon and Ecker, Alexander S and Bethge, Matthias},
	journal={Advances in neural information processing systems},
	volume={28},
	year={2015}
}


@inproceedings{Lu2016,
	title={Learning FRAME models using CNN filters},
	author={Lu, Yang and Zhu, Song-Chun and Wu, Ying},
	booktitle={Proceedings of the AAAI Conference on Artificial Intelligence},
	volume={30},
	number={1},
	year={2016}
}


@article{Bengio2014,
	title={Representation learning: A review and new perspectives},
	author={Bengio, Yoshua and Courville, Aaron and Vincent, Pascal},
	journal={IEEE transactions on pattern analysis and machine intelligence},
	volume={35},
	number={8},
	pages={1798--1828},
	year={2013},
	publisher={IEEE}
}

@article{LeCun2015,
	title={Deep learning},
	author={LeCun, Yann and Bengio, Yoshua and Hinton, Geoffrey},
	journal={nature},
	volume={521},
	number={7553},
	pages={436--444},
	year={2015},
	publisher={Nature Publishing Group}
}

@article{Julesz1981,
	title={A theory of preattentive texture discrimination based on first-order statistics of textons},
	author={Julesz, Bela},
	journal={Biological Cybernetics},
	volume={41},
	number={2},
	pages={131--138},
	year={1981},
	publisher={Springer}
}

@inproceedings{Gatys2016,
	title={Image style transfer using convolutional neural networks},
	author={Gatys, Leon A and Ecker, Alexander S and Bethge, Matthias},
	booktitle={Proceedings of the IEEE conference on computer vision and pattern recognition},
	pages={2414--2423},
	year={2016}
}

@article{Cross1983,
	title={Markov random field texture models},
	author={Cross, George R and Jain, Anil K},
	journal={IEEE Transactions on Pattern Analysis and Machine Intelligence},
	number={1},
	pages={25--39},
	year={1983},
	publisher={IEEE}
}
